<record><leader>00000cas a22000007a 4500</leader><controlfield tag="001">17596724</controlfield><controlfield tag="008">880308d18881892lauwr ne      0    0eng d</controlfield><datafield ind1=" " ind2=" " tag="010"><subfield code="a">sn 88064238 </subfield></datafield><datafield ind1=" " ind2=" " tag="040"><subfield code="a">LNP</subfield><subfield code="b">eng</subfield><subfield code="c">LNP</subfield><subfield code="d">OCLCQ</subfield></datafield><datafield ind1=" " ind2=" " tag="042"><subfield code="a">msc</subfield></datafield><datafield ind1="0" ind2=" " tag="130"><subfield code="a">Carroll Democrat (Lake Providence, La.)</subfield></datafield><datafield ind1="1" ind2="4" tag="245"><subfield code="a">The Carroll Democrat.</subfield></datafield><datafield ind1=" " ind2=" " tag="260"><subfield code="a">Lake Providence, East Carroll Parish, La. :</subfield><subfield code="b">James N. Turner</subfield></datafield><datafield ind1=" " ind2=" " tag="310"><subfield code="a">Weekly</subfield></datafield><datafield ind1="0" ind2=" " tag="362"><subfield code="a">Vol. 1, no. 1 (June 23, 1888)-v. 5, no. 6 (July 30, 1892).</subfield></datafield><datafield ind1=" " ind2=" " tag="752"><subfield code="a">United States</subfield><subfield code="b">Louisiana</subfield><subfield code="c">East Carroll</subfield><subfield code="d">Lake Providence.</subfield></datafield><datafield ind1="0" ind2="7" tag="785"><subfield code="t">Carroll banner</subfield><subfield code="w">(DLC)sn 88064239</subfield></datafield><datafield ind1="0" ind2="7" tag="785"><subfield code="t">Banner-Democrat</subfield><subfield code="w">(DLC)sn 88064237</subfield></datafield></record>